<?xml version="1.0" encoding="UTF-8"?>
<marc:record xmlns:marc="http://www.loc.gov/MARC21/slim" xmlns:xsi="http://www.w3.org/2001/XMLSchema-instance" xsi:schemaLocation="http://www.loc.gov/standards/marcxml/schema/MARC21slim.xsd">
  <marc:leader>00000ncd a2200000 u 4500</marc:leader>
  <marc:controlfield tag="001">1001116715</marc:controlfield>
  <marc:controlfield tag="003">DE-633</marc:controlfield>
  <marc:controlfield tag="005">20210601132749.0</marc:controlfield>
  <marc:datafield tag="031" ind1=" " ind2=" ">
    <marc:subfield code="a">1</marc:subfield>
    <marc:subfield code="b">1</marc:subfield>
    <marc:subfield code="c">1</marc:subfield>
    <marc:subfield code="d">Allegro moderato</marc:subfield>
    <marc:subfield code="g">G-2</marc:subfield>
    <marc:subfield code="m">org</marc:subfield>
    <marc:subfield code="o">c</marc:subfield>
    <marc:subfield code="p">=5/{8''ED}{{C'6BA}/{8xGBA''C}/C4'B8A+/{8A6xGxF}8{E''E}/</marc:subfield>
    <marc:subfield code="r">a</marc:subfield>
    <marc:subfield code="2">pe</marc:subfield>
  </marc:datafield>
  <marc:datafield tag="040" ind1=" " ind2=" ">
    <marc:subfield code="a">DE-633</marc:subfield>
    <marc:subfield code="b">eng</marc:subfield>
  </marc:datafield>
  <marc:datafield tag="100" ind1="1" ind2=" ">
    <marc:subfield code="a">Walczyński, Franciszek</marc:subfield>
    <marc:subfield code="d">1852-1937</marc:subfield>
    <marc:subfield code="j">Ascertained</marc:subfield>
    <marc:subfield code="0">pe30021989</marc:subfield>
  </marc:datafield>
  <marc:datafield tag="240" ind1="1" ind2="0">
    <marc:subfield code="a">Praeludia organi</marc:subfield>
    <marc:subfield code="m">org</marc:subfield>
    <marc:subfield code="n">op. 5</marc:subfield>
    <marc:subfield code="r">a</marc:subfield>
    <marc:subfield code="0">5214453</marc:subfield>
  </marc:datafield>
  <marc:datafield tag="245" ind1="1" ind2="0">
    <marc:subfield code="a">16. Allegro moderato.</marc:subfield>
  </marc:datafield>
  <marc:datafield tag="260" ind1=" " ind2=" ">
    <marc:subfield code="a">Tarnoviae</marc:subfield>
    <marc:subfield code="b">Sumptibus auctoris</marc:subfield>
    <marc:subfield code="c">1894</marc:subfield>
    <marc:subfield code="e">Augustae Vindelicorum et Vindobonae</marc:subfield>
    <marc:subfield code="f">Typis Antonii Boehm et Filii</marc:subfield>
    <marc:subfield code="8">01</marc:subfield>
  </marc:datafield>
  <marc:datafield tag="300" ind1=" " ind2=" ">
    <marc:subfield code="a">1 score, 1 p.</marc:subfield>
    <marc:subfield code="c">22, 9 x 27 cm</marc:subfield>
    <marc:subfield code="8">01</marc:subfield>
    <marc:subfield code="3"/>
  </marc:datafield>
  <marc:datafield tag="340" ind1=" " ind2=" ">
    <marc:subfield code="d">Engraving</marc:subfield>
    <marc:subfield code="8">01</marc:subfield>
  </marc:datafield>
  <marc:datafield tag="383" ind1=" " ind2=" ">
    <marc:subfield code="b">op. 5</marc:subfield>
  </marc:datafield>
  <marc:datafield tag="500" ind1=" " ind2=" ">
    <marc:subfield code="a">Page 8</marc:subfield>
    <marc:subfield code="8">01</marc:subfield>
    <marc:subfield code="3"/>
  </marc:datafield>
  <marc:datafield tag="593" ind1=" " ind2=" ">
    <marc:subfield code="a">Print</marc:subfield>
    <marc:subfield code="8">01</marc:subfield>
  </marc:datafield>
  <marc:datafield tag="594" ind1=" " ind2=" ">
    <marc:subfield code="b">org</marc:subfield>
    <marc:subfield code="c">1</marc:subfield>
  </marc:datafield>
  <marc:datafield tag="594" ind1=" " ind2=" ">
    <marc:subfield code="a">org</marc:subfield>
  </marc:datafield>
  <marc:datafield tag="599" ind1=" " ind2=" ">
    <marc:subfield code="b">full</marc:subfield>
  </marc:datafield>
  <marc:datafield tag="650" ind1="0" ind2="7">
    <marc:subfield code="a">Organ pieces</marc:subfield>
    <marc:subfield code="0">50000928</marc:subfield>
  </marc:datafield>
  <marc:datafield tag="700" ind1="1" ind2=" ">
    <marc:subfield code="a">Łobos, Ignacy</marc:subfield>
    <marc:subfield code="d">1827-1909</marc:subfield>
    <marc:subfield code="j">Ascertained</marc:subfield>
    <marc:subfield code="0">pe41023833</marc:subfield>
    <marc:subfield code="4">dte</marc:subfield>
    <marc:subfield code="3"/>
  </marc:datafield>
  <marc:datafield tag="710" ind1="2" ind2=" ">
    <marc:subfield code="a">Franciszek Walczyński</marc:subfield>
    <marc:subfield code="g">Ascertained</marc:subfield>
    <marc:subfield code="0">ks51003545</marc:subfield>
    <marc:subfield code="4">pbl</marc:subfield>
    <marc:subfield code="3"/>
  </marc:datafield>
  <marc:datafield tag="710" ind1="2" ind2=" ">
    <marc:subfield code="a">Böhm</marc:subfield>
    <marc:subfield code="g">Ascertained</marc:subfield>
    <marc:subfield code="0">ks78931</marc:subfield>
    <marc:subfield code="4">prt</marc:subfield>
    <marc:subfield code="3"/>
  </marc:datafield>
  <marc:datafield tag="773" ind1="1" ind2="8">
    <marc:subfield code="w">1001084394</marc:subfield>
  </marc:datafield>
  <marc:datafield tag="852" ind1=" " ind2=" ">
    <marc:subfield code="a">PL-KOZmzk</marc:subfield>
    <marc:subfield code="e">Muzeum Zamoyskich w Kozłówce</marc:subfield>
    <marc:subfield code="x">ks51000446</marc:subfield>
    <marc:subfield code="3">51006654</marc:subfield>
    <marc:subfield code="c">mzk/m/159</marc:subfield>
    <marc:subfield code="p"/>
    <marc:subfield code="q"/>
    <marc:subfield code="u"/>
    <marc:subfield code="z"/>
  </marc:datafield>
  <marc:datafield tag="980" ind1=" " ind2=" ">
    <marc:subfield code="a">RISM</marc:subfield>
    <marc:subfield code="c">examined</marc:subfield>
  </marc:datafield>
</marc:record>
